<record xmlns="http://www.loc.gov/MARC21/slim" xmlns:xsi="http://www.w3.org/2001/XMLSchema-instance" xsi:schemaLocation="http://www.loc.gov/MARC21/slim http://www.loc.gov/standards/marcxml/schema/MARC21slim.xsd"><leader>02442nam a2200433   4500</leader><controlfield tag="001">3074099</controlfield><controlfield tag="003">NNC</controlfield><controlfield tag="006">m        d        </controlfield><controlfield tag="007">cr cn |||m|||a</controlfield><controlfield tag="008">150223s1956    iq      ob    000 0 arard</controlfield><datafield ind1=" " ind2=" " tag="040"><subfield code="a">NNU</subfield><subfield code="b">eng</subfield><subfield code="e">rda</subfield><subfield code="c">NNU</subfield></datafield><datafield ind1=" " ind2=" " tag="043"><subfield code="a">a-iq---</subfield></datafield><datafield ind1=" " ind2="4" tag="050"><subfield code="a">DS51.M7</subfield><subfield code="b">S5</subfield></datafield><datafield ind1="1" ind2=" " tag="100"><subfield code="6">880-01</subfield><subfield code="a">Siouffi, N.</subfield><subfield code="q">(Nicolas)</subfield></datafield><datafield ind1="1" ind2="0" tag="245"><subfield code="6">880-02</subfield><subfield code="a">Majmu&#772;&#699; al-kita&#772;ba&#772;t al-muh&#803;arrarah fi&#772; abniyat madi&#772;nat al-Maws&#803;il /</subfield><subfield code="c">jama&#699;aha&#772; Niqu&#772;la&#772; Siyu&#772;fi&#772; ; &#699;aniya bi-tah&#803;qi&#772;qiha&#772; wa-nashriha&#772; Sa&#699;i&#772;d al-Daywahji&#772;.</subfield></datafield><datafield ind1=" " ind2=" " tag="260"><subfield code="6">880-03</subfield><subfield code="a">Baghda&#772;d :</subfield><subfield code="b">Mat&#803;ba&#699;at Shafi&#772;q,</subfield><subfield code="c">1956.</subfield></datafield><datafield ind1=" " ind2=" " tag="300"><subfield code="a">online resource (261 pages)</subfield></datafield><datafield ind1=" " ind2=" " tag="336"><subfield code="a">text</subfield><subfield code="2">rdacontent</subfield></datafield><datafield ind1=" " ind2=" " tag="337"><subfield code="a">computer</subfield><subfield code="2">rdamedia</subfield></datafield><datafield ind1=" " ind2=" " tag="338"><subfield code="a">online resource</subfield><subfield code="2">rdacarrier</subfield></datafield><datafield ind1=" " ind2=" " tag="500"><subfield code="a">Cover title: Notes historiques et explicatives sur les inscriptions de la ville de Mossoul, re&#769;dige&#769;es par N. Siouffi. Publie&#769;es avec commentaires et corrections par S. Dewachi.</subfield></datafield><datafield ind1=" " ind2=" " tag="500"><subfield code="a">Part of the Arabic Collections Online (ACO) project, contributed by Columbia University Libraries.</subfield></datafield><datafield ind1=" " ind2=" " tag="504"><subfield code="a">Includes bibliographical references (pages 254-261).</subfield></datafield><datafield ind1=" " ind2=" " tag="533"><subfield code="a">Electronic reproduction.</subfield><subfield code="b">New York, N.Y. :</subfield><subfield code="c">New York University,</subfield><subfield code="d">2015.</subfield><subfield code="5">NNU</subfield></datafield><datafield ind1=" " ind2="0" tag="650"><subfield code="a">Inscriptions, Arabic</subfield><subfield code="z">Iraq</subfield><subfield code="z">Mosul.</subfield></datafield><datafield ind1=" " ind2="7" tag="650"><subfield code="a">Inscriptions, Arabic.</subfield><subfield code="2">fast</subfield><subfield code="0">(OCoLC)fst00973847</subfield></datafield><datafield ind1=" " ind2="7" tag="651"><subfield code="a">Iraq</subfield><subfield code="z">Mosul.</subfield><subfield code="2">fast</subfield><subfield code="0">(OCoLC)fst01202687</subfield></datafield><datafield ind1="1" ind2=" " tag="700"><subfield code="6">880-04</subfield><subfield code="a">Daywah&#697;chi&#772;, Sa&#699;i&#772;d.</subfield></datafield><datafield ind1="2" ind2=" " tag="710"><subfield code="a">Columbia University.</subfield><subfield code="b">Libraries.</subfield></datafield><datafield ind1="0" ind2=" " tag="730"><subfield code="a">Arabic Collections Online.</subfield></datafield><datafield ind1="0" ind2="8" tag="776"><subfield code="i">Online version:</subfield><subfield code="a">Siouffi, N. (Nicolas).</subfield><subfield code="t">Majmu&#772;&#699; al-kita&#772;ba&#772;t al-muh&#803;arrarah fi&#772; abniyat madi&#772;nat al-Maws&#803;il.</subfield><subfield code="d">Baghda&#772;d : Mat&#803;ba&#699;at Shafi&#772;q, 1956</subfield><subfield code="w">(OCoLC)700394234</subfield></datafield><datafield ind1="0" ind2="8" tag="776"><subfield code="i">Print version:</subfield><subfield code="a">Siouffi, N. (Nicolas)</subfield><subfield code="t">Majmu&#772;&#699; al-kita&#772;ba&#772;t al-muh&#803;arrarah fi&#772; abniyat madi&#772;nat al-Maws&#803;il</subfield><subfield code="w">(NNC)3074099</subfield><subfield code="w">(OCoLC)29350785</subfield></datafield><datafield ind1="4" ind2="0" tag="856"><subfield code="u">http://hdl.handle.net/2333.1/c59zw5jw</subfield></datafield><datafield ind1="1" ind2=" " tag="880"><subfield code="6">100-01/r</subfield><subfield code="a">&#1587;&#1610;&#1608;&#1601;&#1610;&#1548; &#1606;&#1602;&#1608;&#1604;&#1575;.</subfield></datafield><datafield ind1="1" ind2="0" tag="880"><subfield code="6">245-02/r</subfield><subfield code="a">&#1605;&#1580;&#1605;&#1608;&#1593; &#1575;&#1604;&#1603;&#1578;&#1575;&#1576;&#1575;&#1578; &#1575;&#1604;&#1605;&#1581;&#1585;&#1585;&#1577; &#1601;&#1610; &#1571;&#1576;&#1606;&#1610;&#1577; &#1605;&#1583;&#1610;&#1606;&#1577; &#1575;&#1604;&#1605;&#1608;&#1589;&#1604; /</subfield><subfield code="c">&#1580;&#1605;&#1593;&#1607;&#1575; &#1606;&#1602;&#1608;&#1604;&#1575; &#1575;&#1604;&#1587;&#1610;&#1608;&#1601;&#1610; &#1563; &#1593;&#1606;&#1610; &#1576;&#1578;&#1581;&#1602;&#1610;&#1602;&#1607;&#1575; &#1608;&#1606;&#1588;&#1585;&#1607;&#1575; &#1587;&#1593;&#1610;&#1583; &#1575;&#1604;&#1583;&#1610;&#1608;&#1607;&#8204;&#1580;&#1610;.</subfield></datafield><datafield ind1=" " ind2=" " tag="880"><subfield code="6">260-03/r</subfield><subfield code="a">&#1576;&#1594;&#1583;&#1575;&#1583; :</subfield><subfield code="b">&#1605;&#1591;&#1576;&#1593;&#1577; &#1588;&#1601;&#1610;&#1602;&#1548;</subfield><subfield code="c">1956.</subfield></datafield><datafield ind1="1" ind2=" " tag="880"><subfield code="6">700-04/r</subfield><subfield code="a">&#1583;&#1610;&#1608;&#1607;&#8204;&#1670;&#1610;&#1548; &#1587;&#1593;&#1610;&#1583;.</subfield></datafield><datafield ind1=" " ind2=" " tag="959"><subfield code="a">NNU</subfield><subfield code="b">WEB</subfield><subfield code="c">GENI</subfield><subfield code="t">0</subfield><subfield code="m">Electronic access</subfield><subfield code="s">01</subfield></datafield><datafield ind1=" " ind2=" " tag="999"><subfield code="i">NNC_3074099</subfield><subfield code="o">(OCoLC)29350785</subfield><subfield code="s">columbia_aco000151</subfield></datafield></record>